@misc{Dataset,
    author = "GBIF",
    title = "Dataset used in the project",
    lastaccessed = "October, 2023",
    url = "https://www.gbif.org/occurrence/download/0005479-231002084531237",
},

@misc{GBIF,
  author =       "GBIF",
  title =        "What is GBIF?",
  lastaccessed = "October, 2023",
  url =          "https://www.gbif.org/what-is-gbif",
}

@misc{Solr,
  author =       "The Apache Software Foundation",
  title =        "Apache Solr",
  lastaccessed = "November, 2023",
  url =          "https://solr.apache.org/",
}